@article{sutton1988learning,
	title={Learning to predict by the methods of temporal differences},
	author={Sutton, Richard S},
	journal={Machine learning},
	volume={3},
	number={1},
	pages={9--44},
	year={1988},
	publisher={Springer}
}