@article{sutton1988learning,
	title={Learning to predict by the methods of temporal differences},
	author={Sutton, Richard S},
	journal={Machine learning},
	volume={3},
	number={1},
	pages={9--44},
	year={1988},
	publisher={Springer}
}

@incollection{mataric1994reward,
	title={Reward functions for accelerated learning},
	author={Mataric, Maja J},
	booktitle={Machine Learning Proceedings 1994},
	pages={181--189},
	year={1994},
	publisher={Elsevier}
}

@inproceedings{ng1999policy,
	title={Policy invariance under reward transformations: Theory and application to reward shaping},
	author={Ng, Andrew Y and Harada, Daishi and Russell, Stuart},
	booktitle={ICML},
	volume={99},
	pages={278--287},
	year={1999}
} 

@article{DBLP:journals/corr/HasseltGS15,
	author    = {Hado van Hasselt and
	Arthur Guez and
	David Silver},
	title     = {Deep Reinforcement Learning with Double Q-learning},
	journal   = {CoRR},
	volume    = {abs/1509.06461},
	year      = {2015},
	url       = {http://arxiv.org/abs/1509.06461},
	archivePrefix = {arXiv},
	eprint    = {1509.06461},
	timestamp = {Mon, 13 Aug 2018 16:47:32 +0200},
	biburl    = {https://dblp.org/rec/journals/corr/HasseltGS15.bib},
	bibsource = {dblp computer science bibliography, https://dblp.org}
}